@misc{Forbes,
	author = {{Forbes}},
	howpublished={\url{https://www.forbes.com/sites/bernardmarr/2018/05/21/how-much-data-do-we-create-every-day-the-mind-blowing-stats-everyone-should-read}},
	title = {How Much Data Do We Create Every Day},
}

@misc{Hadoop-wiki,
	author = {{Wikipedia}},
	howpublished={\url{https://en.wikipedia.org/wiki/Apache_Hadoop}},
	title = {Apache Hadoop},
}

@misc{Hadoop-vs-RDBMS,
	author = {{W3Training School}},
	howpublished={\url{https://www.w3trainingschool.com/difference-big-data-hadoop-traditional-rdbms}},
	title = {Hadoop vs RDBMS},
}

@misc{Secondary-NameNode,
	author = {{Madhukara Phatak}},
	howpublished={\url{http://blog.madhukaraphatak.com/secondary-namenode---what-it-really-do/}},
	title = {Secondary NameNode},
}
